@online{wiki_low_code_platform,
  title = {Low Code Development Platform},
  url = {https://de.wikipedia.org/wiki/Low-Code-Plattform},
  year = {2020},
  urldate = {2020-10-18},
}
